@article{soler02,
  title={The SIESTA method for ab initio order-N materials simulation},
  author={Soler, Jos{\'e} M and Artacho, Emilio and Gale, Julian D and Garc{\'\i}a, Alberto and Junquera, Javier and Ordej{\'o}n, Pablo and S{\'a}nchez-Portal, Daniel},
  journal={J. Phys. Cond. Matt.},
  volume={14},
  number={11},
  pages={2745--2779},
  year={2002},
  publisher={IOP Publishing}
}
@article{kresse93,
  title={Ab initio molecular dynamics for open-shell transition metals},
  author={Kresse, G and Hafner, J},
  journal={Phys. Rev. B},
  volume={48},
  number={17},
  pages={13115--13118},
  year={1993},
  publisher={APS}
}
@article{kresse96,
  title={Efficient iterative schemes for ab initio total-energy calculations using a plane-wave basis set},
  author={Kresse, Georg and Furthm{\"u}ller, J{\"u}rgen},
  journal={Phys. Rev. B},
  volume={54},
  number={16},
  pages={11169-11186},
  year={1996},
  publisher={APS}
}
@article{pbe-functional,
  title={Generalized gradient approximation made simple},
  author={Perdew, John P and Burke, Kieron and Ernzerhof, Matthias},
  journal={Phys. Rev. Lett.},
  volume={77},
  number={18},
  pages={3865--3868},
  year={1996},
  publisher={APS}
}
@article{CA-functional,
  title={Ground state of the electron gas by a stochastic method},
  author={Ceperley, David M and Alder, BJ},
  journal={Phys. Rev. Lett.},
  volume={45},
  number={7},
  pages={566--569},
  year={1980},
  publisher={APS}
}
@article{Dion-vdW,
  title={Van der Waals density functional for general geometries},
  author={Dion, Max and Rydberg, Henrik and Schr{\"o}der, Elsebeth and Langreth, David C and Lundqvist, Bengt I},
  journal={Phys. Rev. Lett.},
  volume={92},
  number={24},
  //pages={246401--246405},
  pages={246401},
  year={2004},
  publisher={APS}
}
@article{Blochl94,
  title={Projector augmented-wave method},
  author={Bl{\"o}chl, Peter E},
  journal={Phys. Rev. B},
  volume={50},
  number={24},
  pages={17953--17979},
  year={1994},
  publisher={APS}
}
@article{kresse99,
  title={From ultrasoft pseudopotentials to the projector augmented-wave method},
  author={Kresse, Georg and Joubert, D},
  journal={Phys. Rev. B},
  volume={59},
  number={3},
  pages={1758--1775},
  year={1999},
  publisher={APS}
}
@article{troullier91,
  title={Efficient pseudopotentials for plane-wave calculations},
  author={Troullier, Norman and Martins, Jos{\'e} Lu{\'\i}s},
  journal={Phys. Rev. B},
  volume={43},
  number={3},
  pages={1993--2006},
  year={1991},
  publisher={APS}
}
@article{Kresse06,
  title={Screened hybrid density functionals applied to solids},
  author={Paier, Joachim and Marsman, Martijn and Hummer, K and Kresse, Georg and Gerber, Iann C and {\'A}ngy{\'a}n, J{\'a}nos G},
  journal={J. Chem. Phys.},
  volume={124},
  number={15},
  xxpages={154709--154722},
  pages={154709},
  year={2006},
  publisher={AIP Publishing}
}
@article{Kresse07,
  title={Why does the B3LYP hybrid functional fail for metals?},
  author={Paier, Joachim and Marsman, Martijn and Kresse, Georg},
  journal={J. Chem. Phys.},
  volume={127},
  number={2},
  xxpages={024103--024113},
  pages={024103},
  year={2007},
  publisher={AIP Publishing}
}
@article{Franchini07,
  title={Ground-state properties of multivalent manganese oxides: Density functional and hybrid density functional calculations},
  author={Franchini, C and Podloucky, R and Paier, J and Marsman, M and Kresse, G},
  journal={Phys. Rev. B},
  volume={75},
  number={19},
  xxpages={195128--195139},
  pages={195128},
  year={2007},
  publisher={APS}
}
@article{HSE-paper03,
  title={Hybrid functionals based on a screened Coulomb potential},
  author={Heyd, Jochen and Scuseria, Gustavo E and Ernzerhof, Matthias},
  journal={J. Chem. Phys.},
  volume={118},
  number={18},
  pages={8207--8215},
  year={2003},
  publisher={AIP Publishing}
}
@article{HSE06,
   author = "Heyd, Jochen and Scuseria, Gustavo E. and Ernzerhof, Matthias",
   title = "Erratum: “Hybrid functionals based on a screened Coulomb potential” [J. Chem. Phys.118, 8207 (2003)]",
   journal = "J. Chem. Phys.",
   year = "2006",
   volume = "124",
   number = "21", 
   eid = 219906,
   pages = "219906",
   url = "http://scitation.aip.org/content/aip/journal/jcp/124/21/10.1063/1.2204597",
   doi = "http://dx.doi.org/10.1063/1.2204597" 
}


