@article{Yang2012Graphene,
	author = {Yang, Heejun and Heo, Jinseong and Park, Seongjun and Song, Hyun Jae and Seo, David H. and Byun, Kyung-Eun and Kim, Philip and Yoo, InKyeong and Chung, Hyun-Jong and Kim, Kinam},
	doi = {10.1126/science.1220527},
	issn = {0036-8075, 1095-9203},
	journal = {Science},
	language = {en},
	number = 6085,
	pages = {1140-1143},
	title = {Graphene Barristor, a Triode Device with a Gate-Controlled Schottky Barrier},
	url = {http://www.sciencemag.org/content/336/6085/1140},
	volume = 336,
	year = 2012
}

@article{Luryi1988Quantum,
	author = {Luryi, Serge},
	doi = {10.1063/1.99649},
	issn = {0003-6951},
	journal = {Appl. Phys. Lett.},
	pages = {501-503},
	title = {Quantum capacitance devices},
	url = {http://adsabs.harvard.edu/abs/1988ApPhL..52..501L},
	volume = 52,
	year = 1988
}

@article{Mayorov2011MicrometerScale,
	author = {Alexander S. Mayorov and Roman V. Gorbachev and Sergey V. Morozov and Liam Britnell and Rashid Jalil and Leonid A. Ponomarenko and Peter Blake and Kostya S. Novoselov and Kenji Watanabe and Takashi Taniguchi and A. K. Geim},
	journal = {Nano Lett.},
	number = 6,
	pages = {2396-2399},
	title = {Micrometer-scale ballistic transport in encapsulated graphene at room temperature},
	url = {http://pubs.acs.org/doi/abs/10.1021/nl200758b},
	volume = 11,
	year = 2011
}

@article{Novoselov2004Electric,
	author = {Novoselov, Kostya S. and Geim, Andre K. and Morozov, S. V. and Jiang, D. and Zhang, Y and Dubonos, S. V. and Grigorieva, I. V. and Firsov, A. A.},
	journal = {Science},
	number = 5696,
	pages = {666-669},
	title = {Electric field effect in atomically thin carbon films},
	url = {http://www.sciencemag.org/content/306/5696/666.short},
	volume = 306,
	year = 2004
}

@book{Sze2006Mosfets,
	author = {Sze, S. M. and Ng, Kwok K.},
	booktitle = {Physics of Semiconductor Devices},
	copyright = {Copyright © 2007 John Wiley \& Sons, Inc. All rights reserved.},
	publisher = {John Wiley \& Sons, Inc.},
	url = {http://onlinelibrary.wiley.com/doi/10.1002/9780470068328.ch6/summary},
	year = 2006
}

@book{Davies1997Physics,
	author = {Davies, John H.},
	publisher = {Cambridge University Press},
	booktitle = {The Physics of Low-Dimensional Semiconductors: An Introduction},
	year = 1997
}

@article{Novoselov2005TwoDimensional,
	author = {Novoselov, K. S. and Geim, A. K. and Morozov, S. V. and Jiang, D. and Katsnelson, M. I. and Grigorieva, I. V. and Dubonos, S. V. and Firsov, A. A.},
	copyright = {© 2005 Nature Publishing Group},
	doi = {10.1038/nature04233},
	issn = {0028-0836},
	journal = {Nature},
	language = {en},
	number = 7065,
	pages = {197-200},
	title = {Two-dimensional gas of massless Dirac fermions in graphene},
	url = {http://www.nature.com/nature/journal/v438/n7065/abs/nature04233.html},
	volume = 438,
	year = 2005
}

@article{Sarma2011Electronic,
	author = {Das Sarma, S. and Adam, Shaffique and Hwang, E. H. and Rossi, Enrico},
	doi = {10.1103/RevModPhys.83.407},
	journal = {Rev. Mod. Phys.},
	number = 2,
	pages = {407-470},
	title = {Electronic transport in two-dimensional graphene},
	url = {http://link.aps.org/doi/10.1103/RevModPhys.83.407},
	volume = 83,
	year = 2011
}

@article{Das2008Monitoring,
	author = {Das, A. and Pisana, S. and Chakraborty, B. and Piscanec, S. and Saha, S. K. and Waghmare, U. V. and Novoselov, K. S. and Krishnamurthy, H. R. and Geim, A. K. and Ferrari, A. C. and Sood, A. K.},
	copyright = {© 2008 Nature Publishing Group},
	doi = {10.1038/nnano.2008.67},
	issn = {1748-3387},
	journal = {Nat. Nanotechnol.},
	number = 4,
	pages = {210-215},
	title = {Monitoring dopants by Raman scattering in an electrochemically top-gated graphene transistor},
	url = {http://www.nature.com/nnano/journal/v3/n4/full/nnano.2008.67.html},
	volume = 3,
	year = 2008
}

@article{Yu2009Tuning,
	author = {Yu, Young-Jun and Zhao, Yue and Ryu, Sunmin and Brus, Louis E. and Kim, Kwang S. and Kim, Philip},
	doi = {10.1021/nl901572a},
	issn = {1530-6984},
	journal = {Nano Lett.},
	number = 10,
	pages = {3430-3434},
	title = {Tuning the Graphene Work Function by Electric Field Effect},
	url = {http://dx.doi.org/10.1021/nl901572a},
	volume = 9,
	year = 2009
}

@article{Zhang2005Experimental,
	author = {Zhang, Yuanbo and Tan, Yan-Wen and Stormer, Horst L. and Kim, Philip},
	copyright = {© 2005 Nature Publishing Group},
	doi = {10.1038/nature04235},
	issn = {0028-0836},
	journal = {Nature},
	number = 7065,
	pages = {201-204},
	title = {Experimental observation of the quantum Hall effect and Berry's phase in graphene},
	url = {http://www.nature.com/nature/journal/v438/n7065/abs/nature04235.html},
	volume = 438,
	year = 2005
}

@article{Shih2015PartiallyScreened,
	author = {Shih, Chih-Jen and Raphael Pfattner and Chiu, Yu-Cheng and Liu, Nan and Lei, Ting and Kong, Desheng and Kim, Yeongin and Chou, Ho-Hsiu and Bae, Won-Gyu and Bao, Zhenan},
	doi = {10.1021/acs.nanolett.5b03378},
	issn = {1530-6984},
	journal = {Nano Lett.},
	volume = 15,
	pages = {7587-7595},
	title = {Partially-Screened Field Effect and Selective Carrier Injection at Organic Semiconductor/Graphene Heterointerface},
	url = {http://dx.doi.org/10.1021/acs.nanolett.5b03378},
	year = 2015
}

@article{Shih2014Tuning,
	author = {Shih, Chih-Jen and Wang, Qing Hua and Son, Youngwoo and Jin, Zhong and Blankschtein, Daniel and Strano, Michael S.},
	doi = {10.1021/nn500676t},
	issn = {1936-0851},
	journal = {ACS Nano},
	number = 6,
	pages = {5790-5798},
	title = {Tuning On-Off Current Ratio and Field-Effect Mobility in a MoS2-Graphene Heterostructure via Schottky Barrier Modulation},
	url = {http://dx.doi.org/10.1021/nn500676t},
	volume = 8,
	year = 2014
}

@article{Lin2013GrapheneSemiconductor,
	author = {Lin, Yuxuan and Li, Xinming and Xie, Dan and Feng, Tingting and Chen, Yu and Song, Rui and Tian, He and Ren, Tianling and Zhong, Minlin and Wang, Kunlin and Zhu, Hongwei},
	doi = {10.1039/C2EE23538B},
	issn = {1754-5692, 1754-5706},
	journal = {Energ. Environ. Sci.},
	number = 1,
	pages = {108-115},
	title = {Graphene/semiconductor heterojunction solar cells with modulated antireflection and graphene work function},
	url = {http://xlink.rsc.org/?DOI=C2EE23538B},
	volume = 6,
	year = 2013
}

@article{Regan2012ScreeningEngineered,
	author = {Regan, William and Byrnes, Steven and Gannett, Will and Ergen, Onur and Vazquez-Mena, Oscar and Wang, Feng and Zettl, Alex},
	doi = {10.1021/nl3020022},
	issn = {1530-6984},
	journal = {Nano Lett.},
	number = 8,
	pages = {4300-4304},
	title = {Screening-Engineered Field-Effect Solar Cells},
	url = {http://dx.doi.org/10.1021/nl3020022},
	volume = 12,
	year = 2012
}

@article{Hill1998Molecular,
	author = {Hill, I. G. and Rajagopal, A. and Kahn, A. and Hu, Y.},
	doi = {10.1063/1.121940},
	issn = {0003-6951, 1077-3118},
	journal = {Appl. Phys. Lett.},
	number = 5,
	pages = {662-664},
	title = {Molecular level alignment at organic semiconductor-metal interfaces},
	url = {http://scitation.aip.org/content/aip/journal/apl/73/5/10.1063/1.121940},
	volume = 73,
	year = 1998
}

@article{Bell1988Direct,
	author = {Bell, L. D. and Kaiser, W. J. and Hecht, M. H. and Grunthaner, F. J.},
	doi = {10.1063/1.99493},
	issn = {0003-6951, 1077-3118},
	journal = {Appl. Phys. Lett.},
	number = 4,
	pages = {278-280},
	title = {Direct control and characterization of a Schottky barrier by scanning tunneling microscopy},
	url = {http://scitation.aip.org/content/aip/journal/apl/52/4/10.1063/1.99493},
	volume = 52,
	year = 1988
}

@article{Xu2011Inducing,
	author = {Xu, Y. and He, K. T. and Schmucker, S. W. and Guo, Z. and Koepke, J. C. and Wood, J. D. and Lyding, J. W. and Aluru, N. R.},
	doi = {10.1021/nl201022t},
	issn = {1530-6984},
	journal = {Nano Lett.},
	number = 7,
	pages = {2735-2742},
	title = {Inducing Electronic Changes in Graphene through Silicon (100) Substrate Modification},
	url = {http://dx.doi.org/10.1021/nl201022t},
	volume = 11,
	year = 2011
}

@article{Xu2011Measurements,
	author = {Xu, Huilong and Zhang, Zhiyong and Peng, Lian-Mao},
	doi = {10.1063/1.3574011},
	issn = {0003-6951, 1077-3118},
	journal = {Appl. Phys. Lett.},
	number = 13,
	pages = 133122,
	title = {Measurements and microscopic model of quantum capacitance in graphene},
	url = {http://scitation.aip.org/content/aip/journal/apl/98/13/10.1063/1.3574011},
	volume = 98,
	year = 2011
}

@article{Sproul1991Improved,
	author = {Sproul, A. B, and Green, M. A.},
	doi = {10.1063/1.349645},
	journal = {J. Appl. Phys.},
	pages = {846-854},
	title = {Improved value for the silicon intrinsic carrier concentration from 275 to 375 K},
	volume = 70,
	year = 1991
}

@article{Miskovic2010Modeling,
	author = {Mi{\v{s}}kovi{\'c}, Z. L. and Upadhyaya, Nitin},
	doi = {10.1007/s11671-009-9515-3},
	issn = {1931-7573, 1556-276X},
	journal = {Nanoscale Res. Lett.},
	language = {en},
	number = 3,
	pages = {505-511},
	title = {Modeling Electrolytically Top-Gated Graphene},
	url = {http://link.springer.com/article/10.1007/s11671-009-9515-3},
	volume = 5,
	year = 2010
}

@article{Ma2004Unique,
	author = {Ma, Liping and Yang, Yang},
	doi = {10.1063/1.1821629},
	issn = {0003-6951, 1077-3118},
	journal = {Appl. Phys. Lett.},
	number = 21,
	pages = {5084-5086},
	title = {Unique architecture and concept for high-performance organic transistors},
	url = {http://scitation.aip.org/content/aip/journal/apl/85/21/10.1063/1.1821629},
	volume = 85,
	year = 2004
}

@article{Schwierz2010Graphene,
	author = {Schwierz, Frank},
	copyright = {© 2010 Nature Publishing Group},
	doi = {10.1038/nnano.2010.89},
	issn = {1748-3387},
	journal = {Nat. Nanotechnol.},
	language = {en},
	number = 7,
	pages = {487-496},
	title = {Graphene transistors},
	url = {http://www.nature.com/nnano/journal/v5/n7/full/nnano.2010.89.html},
	volume = 5,
	year = 2010
}

@article{Meric2008Current,
	author = {Meric, Inanc and Han, Melinda Y. and Young, Andrea F. and Ozyilmaz, Barbaros and Kim, Philip and Shepard, Kenneth L.},
	copyright = {© 2008 Nature Publishing Group},
	doi = {10.1038/nnano.2008.268},
	issn = {1748-3387},
	journal = {Nat. Nanotechnol.},
	language = {en},
	number = 11,
	pages = {654-659},
	title = {Current saturation in zero-bandgap, top-gated graphene field-effect transistors},
	url = {http://www.nature.com/nnano/journal/v3/n11/abs/nnano.2008.268.html},
	volume = 3,
	year = 2008
}
@article{bae2010roll,
  title={Roll-to-roll production of 30-inch graphene films for transparent electrodes},
  author={Bae, Sukang and Kim, Hyeongkeun and Lee, Youngbin and Xu, Xiangfan and Park, Jae-Sung and Zheng, Yi and Balakrishnan, Jayakumar and Lei, Tian and Ri Kim, Hye and Song, Young Il and Kim, Young-Jin and Kim, Kwang S. and Ozyilmaz, Barbaros and Ahn, Jong-Hyun and Hong, Byung Hee and Iijima, Sumio},
  journal={Nat. Nanotechnol.},
  volume={5},
  number={8},
  pages={574--578},
  year={2010},
  publisher={Nature Publishing Group}
}
@article{novoselov2012roadmap,
  title={A roadmap for graphene},
  author={Novoselov, Konstantin S and Fal, VI and Colombo, L and Gellert, PR and Schwab, MG and Kim, K},
  journal={Nature},
  volume={490},
  number={7419},
  pages={192--200},
  year={2012},
  publisher={Nature Publishing Group}
}
@article{geim2013van,
  title={Van der Waals heterostructures},
  author={Geim, AK and Grigorieva, IV},
  journal={Nature},
  volume={499},
  number={7459},
  pages={419--425},
  year={2013},
  publisher={Nature Publishing Group}
}
@article{yu2013vertically,
  title={Vertically stacked multi-heterostructures of layered materials for logic transistors and complementary inverters},
  author={Yu, Woo Jong and Li, Zheng and Zhou, Hailong and Chen, Yu and Wang, Yang and Huang, Yu and Duan, Xiangfeng},
  journal={Nat. Mater.},
  volume={12},
  number={3},
  pages={246--252},
  year={2013},
  publisher={Nature Publishing Group}
}
@article{georgiou2013vertical,
  title={Vertical field-effect transistor based on graphene-WS2 heterostructures for flexible and transparent electronics},
  author={Georgiou, Thanasis and Jalil, Rashid and Belle, Branson D. and Britnell, Liam and Gorbachev, Roman V. and Morozov, Sergey V. and Kim, Yong-Jin and Gholinia, Ali and Haigh, Sarah J. and Makarovsky, Oleg and Eaves, Laurence and Ponomarenko, Leonid A. and Geim, Andre K. and Novoselov, Kostya S. and Mishchenko, Artem},
  journal={Nat. Nanotechnol.},
  volume={8},
  number={2},
  pages={100--103},
  year={2013},
  publisher={Nature Publishing Group}
}
@article{yu2013highly,
  title={Highly efficient gate-tunable photocurrent generation in vertical heterostructures of layered materials},
  author={Yu, Woo Jong and Liu, Yuan and Zhou, Hailong and Yin, Anxiang and Li, Zheng and Huang, Yu and Duan, Xiangfeng},
  journal={Nat. Nanotechnol.},
  volume={8},
  number={12},
  pages={952--958},
  year={2013},
  publisher={Nature Publishing Group}
}
@article{britnell2013strong,
  title={Strong light-matter interactions in heterostructures of atomically thin films},
  author={Britnell, L. and Ribeiro, R. M. and Eckmann, A. and Jalil, R. and Belle, B. D. and Mishchenko, A. and Kim, Y.-J. and Gorbachev, R. V. and Georgiou, T. and Morozov, S. V. and Grigorenko, A. N. and Geim, A. K. and Casiraghi, C. and Neto, A. H. Castro and Novoselov, K. S.},
  journal={Science},
  volume={340},
  number={6138},
  pages={1311--1314},
  year={2013},
  publisher={American Association for the Advancement of Science}
}
@article{withers2015light,
  title={Light-emitting diodes by band-structure engineering in van der Waals heterostructures},
  author={Withers, F. and Del Pozo-Zamudio, O. and Mishchenko, A. and Rooney, A. P. and Gholinia, A. and Watanabe, K. and Taniguchi, T. and Haigh, S. J. and Geim, A. K. and Tartakovskii, A. I. and Novoselov, K. S.},
  journal={Nat. Mater.},
  volume={14},
  number={3},
  pages={301--306},
  year={2015},
  publisher={Nature Publishing Group}
}
@article{john2004quantum,
  title={Quantum capacitance in nanoscale device modeling},
  author={John, DL and Castro, LC and Pulfrey, DL},
  journal={J. Appl. Phys.},
  volume={96},
  number={9},
  pages={5180--5184},
  year={2004},
  publisher={AIP Publishing}
}
@book{ehrenreich2001solid,
  title={Solid State Physics},
  author={Ehrenreich, Henry and Spaepen, Frans},
  year={2001},
  publisher={Academic Press}
}
@article{stormer1979two,
  title={Two-dimensional electron gas at a semiconductor-semiconductor interface},
  author={St{\"o}rmer, HL and Dingle, R and Gossard, AC and Wiegmann, W and Sturge, MD},
  journal={Solid State Commun.},
  volume={29},
  number={10},
  pages={705--709},
  year={1979},
  publisher={Elsevier}
}
@article{Neto2009Electron,
  title = {The electronic properties of graphene},
  author = {Castro Neto, A. H. and Guinea, F. and Peres, N. M. R. and Novoselov, K. S. and Geim, A. K.},
  journal = {Rev. Mod. Phys.},
  volume = {81},
  issue = {1},
  pages = {109--162},
  numpages = {0},
  year = {2009},
  month = {Jan},
  publisher = {American Physical Society},
  doi = {10.1103/RevModPhys.81.109},
  url = {http://link.aps.org/doi/10.1103/RevModPhys.81.109}
}
@article{yan2013electron,
  title={Electron-phonon coupling in two-dimensional silicene and germanene},
  author = {Yan, Jia-An and Stein, Ryan and Schaefer, David M. and Wang, Xiao-Qian and Chou, M. Y.},
   journal={Phys. Rev. B},
  volume={88},
  number={12},
  pages={121403},
  year={2013},
  publisher={APS}
}
@article{bechstedt2012infrared,
  title={Infrared absorbance of silicene and germanene},
  author={Bechstedt, Friedhelm and Matthes, Lars and Gori, Paola and Pulci, Olivia},
  journal={Appl. Phys. Lett.},
  volume={100},
  number={26},
  pages={261906},
  year={2012},
  publisher={AIP Publishing}
}
@article{Aufray2010silicene,
   author = "Aufray, Bernard and Kara, Abdelkader and Vizzini, S{\' e}bastien and Oughaddou, Hamid and L{\' e}andri, Christel and Ealet, Benedicte and Le Lay, Guy",
   title = "Graphene-like silicon nanoribbons on Ag(110): A possible formation of silicene",
   journal = "Appl. Phys. Lett.",
   year = "2010",
   volume = "96",
   number = "18", 
   eid = 183102,
   pages = "183102",
   url = "http://scitation.aip.org/content/aip/journal/apl/96/18/10.1063/1.3419932",
   doi = "http://dx.doi.org/10.1063/1.3419932" 
}
@article{Davila2014germanene,
  author={M E D{\' a}vila and L Xian and S Cahangirov and A Rubio and G Le Lay},
  title={Germanene: a novel two-dimensional germanium allotrope akin to graphene and silicene},
  journal={New J. Phys.},
  volume={16},
  number={9},
  pages={095002},
  url={http://stacks.iop.org/1367-2630/16/i=9/a=095002},
  year={2014},
}
@article{wang2012electronics,
  title={Electronics and optoelectronics of two-dimensional transition metal dichalcogenides},
  author={Wang, Qing Hua and Kalantar-Zadeh, Kourosh and Kis, Andras and Coleman, Jonathan N and Strano, Michael S},
  journal={Nat. Nanotechnol.},
  volume={7},
  number={11},
  pages={699--712},
  year={2012},
  publisher={Nature Publishing Group}
}
@article{Jimenez2012drift,
   author = "Jim{\' e}nez, David",
   title = "Drift-diffusion model for single layer transition metal dichalcogenide field-effect transistors",
   journal = "Appl. Phys. Lett.",
   year = "2012",
   volume = "101",
   number = "24", 
   eid = 243501,
   pages = "243501",
   url = "http://scitation.aip.org/content/aip/journal/apl/101/24/10.1063/1.4770313",
   doi = "http://dx.doi.org/10.1063/1.4770313" 
}
@article{Nawaz2016quantum,
title = "Quantum capacitance in monolayers of silicene and related buckled materials ",
journal = "Phys. E",
volume = "76",
number = "",
pages = "169--172",
year = "2016",
note = "",
issn = "1386-9477",
doi = "http://dx.doi.org/10.1016/j.physe.2015.10.023",
url = "http://www.sciencedirect.com/science/article/pii/S1386947715302526",
author = "S. Nawaz and M. Tahir",
keywords = "Silicene and related materials",
keywords = "Quantum capacitance",
keywords = "Spin Orbit Interactions",
keywords = "Puddle effects "
}
@article{Nilsson2008,
  title = {Electronic properties of bilayer and multilayer graphene},
  author = {Nilsson, Johan and Castro Neto, A. H. and Guinea, F. and Peres, N. M. R.},
  journal = {Phys. Rev. B},
  volume = {78},
  issue = {4},
  pages = {045405},
  numpages = {34},
  year = {2008},
  month = {Jul},
  publisher = {American Physical Society},
  doi = {10.1103/PhysRevB.78.045405},
  url = {http://link.aps.org/doi/10.1103/PhysRevB.78.045405}
}
@article{Heine1965,
  title = {Theory of Surface States},
  author = {Heine, Volker},
  journal = {Phys. Rev.},
  volume = {138},
  issue = {6A},
  pages = {A1689--A1696},
  numpages = {0},
  year = {1965},
  month = {Jun},
  publisher = {American Physical Society},
  doi = {10.1103/PhysRev.138.A1689},
  url = {http://link.aps.org/doi/10.1103/PhysRev.138.A1689}
}
@article{Li2014Phosphorene,
	title = {Black phosphorus field-effect transistors},
	volume = {9},
	issn = {1748-3387},
	url = {http://www.nature.com/nnano/journal/v9/n5/abs/nnano.2014.35.html},
	doi = {10.1038/nnano.2014.35},
	language = {en},
	number = {5},
	urldate = {2016-07-06},
	journal = {Nat. Nanotechnol.},
	author = {Li, Likai and Yu, Yijun and Ye, Guo Jun and Ge, Qingqin and Ou, Xuedong and Wu, Hua and Feng, Donglai and Chen, Xian Hui and Zhang, Yuanbo},
	month = may,
	year = {2014},
	keywords = {Electronic devices, Electronic properties and materials},
	pages = {372--377},
}
@article{Liu2014Phosphorene,
	title = {Phosphorene: {An} {Unexplored} 2D {Semiconductor} with a {High} {Hole} {Mobility}},
	volume = {8},
	issn = {1936-0851},
	doi = {10.1021/nn501226z},
	number = {4},
	urldate = {2016-01-22},
	journal = {ACS Nano},
	author = {Liu, Han and Neal, Adam T. and Zhu, Zhen and Luo, Zhe and Xu, Xianfan and Tom\'{a}nek, David and Ye, Peide D.},
	month = apr,
	year = {2014},
	pages = {4033--4041},
}
@article{Santos2013Graphene,
author = {Elton J. G. Santos and Efthimios Kaxiras},
title = {Electric-Field Dependence of the Effective Dielectric Constant in Graphene},
journal = {Nano Lett.},
volume = {13},
number = {3},
pages = {898-902},
year = {2013},
}



